% Encoding: UTF-8

@article{singh1999parsing,
  author    = {Singh, Manish and Seyranian, Gregory D. and Hoffman, Donald D.},
  year      = {1999},
  title     = {Parsing silhouettes: The short-cut rule},
  journal   = {Perception \& Psychophysics},
  pages     = {660--636},
  volume    = {61},
  issue     = {4},
}

@Book{marr1982vision,
  author    = {David Marr},
  year      = {1982},
  title     = {Vision: A Computational Approach},
  address   = {San Francisco},
  publisher = {Freeman \& Co.}
}

@article{barenholtz2003detection,
  title     = {Detection of change in shape: An advantage for concavities},
  author    = {Barenholtz, Elan and Cohen, Elias H and Feldman, Jacob and Singh, Manish},
  journal   = {Cognition},
  volume    = {89},
  number    = {1},
  pages     = {1--9},
  year      = {2003},
  publisher = {Elsevier}
}

@article{attneave1954some,
  title     = {Some informational aspects of visual perception.},
  author    = {Attneave, Fred},
  journal   = {Psychological review},
  volume    = {61},
  number    = {3},
  pages     = {183--193},
  year      = {1954},
  publisher = {American Psychological Association}
}
{alhazen1030,
  author    = {{\d{H}asan Ibn al-Haytham}},
  year      = {1030}, 
  title     = {Kit\=ab al-{M}an\=a\d{z}ir ({B}ook of {O}ptics)},
  note      = {In The Optics of Ibn al-Haytham: Books I--III, OnDirect Vision, Trans.\ ed A.\ I.\ Sabra},
  address   = {London}.
  publisher = {The Warburg Institute, University of London},
}

@article{feldman2005information,
  title     = {Information along contours and object boundaries.},
  author    = {Feldman, Jacob and Singh, Manish},
  journal   = {Psychological review},
  volume    = {112},
  number    = {1},
  pages     = {243},
  year      = {2005},
  publisher = {American Psychological Association}
}

@Article{erdfelder2009multinomial,
  author    = {Erdfelder, Edgar and Auer, Tina-Sarah and Hilbig, Benjamin E and A{\ss}falg, Andr{\'e} and Moshagen, Morten and Nadarevic, Lena},
  title     = {Multinomial processing tree models: A review of the literature},
  journal   = {Zeitschrift f{\"u}r Psychologie/Journal of Psychology},
  year      = {2009},
  volume    = {217},
  pages     = {108--124},
  publisher = {Hogrefe Publishing},
}

@Article{BatchelderRiefer1980,
  author  = {Batchelder, W. H. and Riefer, D. M.},
  title   = {Separation of Storage and Retrieval Factors in Free Recall of Clusterable Pairs},
  journal = {Psychological Review},
  year    = {1980},
  volume  = {87},
  pages   = {375--397},
}

@Article{bean2011rey,
  author    = {Bean, Jessica},
  title     = {Rey auditory verbal learning test},
  journal   = {Encyclopedia of Clinical Neuropsychology},
  year      = {2011},
  pages     = {2174--2175},
  publisher = {Springer New York New York, NY},
}

@Article{rivers2017weapons,
  author    = {Rivers, Andrew M},
  title     = {The weapons identification task: {R}ecommendations for adequately powered research},
  journal   = {PloS ONE},
  year      = {2017},
  volume    = {12},
  pages     = {e0177857},
  publisher = {Public Library of Science San Francisco, CA USA},
}

@Misc{heck2021review,
  author       = {Heck, D and Boehm, U and B\"{o}ing-Messing, F and B\"{u}rkner, P.--C. and Derks, K and Dienes, Z and Fu, Q and Gu, X and Karimova, J and Kiers, H and Klugkist< I and Kuiper, R and Lee, M D, and Leenders, R and Leplaa, H and Linde, M and Ly, A and Meijerink-Bosman, M and Moerbeek, M and Mulder, J and Palfi, B and Sch\"{o}nbrodt, F and Tendeiro, J and van den {B}ergh, J and van {L}issa, C and van {R}avenzwaaij, D and Vanpaemel, W and Wagenmakers, E.-J, and Williams, D and Zondervan-Zwijnenburg, M and Hoijtink, H},
  title        = {A review of applications of the {B}ayes factor in psychological research},
  howpublished = {\url{https://psyarxiv.com/cu43g}},
  year         = {2021},
}

@Article{buchner1995toward,
  author    = {Buchner, Axel and Erdfelder, Edgar and Vaterrodt-Pl{\"u}nnecke, Bianca},
  title     = {Toward unbiased measurement of conscious and unconscious memory processes within the process dissociation framework.},
  journal   = {Journal of Experimental Psychology: General},
  year      = {1995},
  volume    = {124},
  pages     = {137--160},
  publisher = {American Psychological Association},
}

@Article{bishara2009multinomial,
  author  = {Bishara, Anthony J and Payne, B Keith},
  title   = {Multinomial process tree models of control and automaticity in weapon misidentification},
  journal = {Journal of Experimental Social Psychology},
  year    = {2009},
  volume  = {45},
  pages   = {524--534},
}

@Article{thurstone1927law,
  author    = {Thurstone, L L},
  title     = {A law of comparative judgement.},
  journal   = {Psychological Review},
  year      = {1927},
  volume    = {34},
  pages     = {273--286},
  owner     = {Mark Steyvers},
  timestamp = {2009.09.02},
}

@Article{LeeEtAl2014WOC,
  author    = {Lee, M D and Steyvers, M and Miller, B J},
  title     = {A cognitive model for aggregating people's rankings},
  journal   = {{PLoS ONE}},
  year      = {2014},
  volume    = {9},
  pages     = {1--9},
  owner     = {mdlee},
  timestamp = {2014.09.30},
}

@Article{altmann2003reconstructing,
  author    = {Altmann, E M},
  title     = {Reconstructing the serial order of events: A case study of September 11, 2001},
  journal   = {Applied Cognitive Psychology},
  year      = {2003},
  volume    = {17},
  pages     = {1067--1080},
  owner     = {mdlee},
  timestamp = {2010.10.20},
}

@Article{healey2014memory,
  author    = {Healey, M Karl and Kahana, Michael J},
  title     = {Is memory search governed by universal principles or idiosyncratic strategies?},
  journal   = {Journal of Experimental Psychology: General},
  year      = {2014},
  volume    = {143},
  pages     = {575},
  publisher = {American Psychological Association},
}

@Article{gordon1924group,
  author    = {Gordon, K H},
  title     = {Group judgments in the field of lifted weights},
  journal   = {Journal of Experimental Psychology},
  year      = {1924},
  volume    = {7},
  pages     = {398--400},
  owner     = {mdlee},
  timestamp = {2013.11.19},
}

@Article{hamada2020wisdom,
  author    = {Hamada, Daisuke and Nakayama, Masataka and Saiki, Jun},
  title     = {Wisdom of crowds and collective decision-making in a survival situation with complex information integration},
  journal   = {Cognitive Research: Principles and Implications},
  year      = {2020},
  volume    = {5},
  pages     = {1--15},
  publisher = {SpringerOpen},
}

@Article{thurstone1927method,
  author    = {Thurstone, Louis L},
  title     = {The method of paired comparisons for social values.},
  journal   = {The Journal of Abnormal and Social Psychology},
  year      = {1927},
  volume    = {21},
  pages     = {384--400},
  publisher = {American Psychological Association},
}

@Article{kendall1938new,
  author    = {Kendall, M},
  title     = {A new measure of rank correlation},
  journal   = {Biometrika},
  year      = {1938},
  volume    = {30},
  pages     = {81--89},
  owner     = {mdlee},
  timestamp = {2012.12.11},
}

@Book{Surowiecki2004,
  title     = {The wisdom of crowds},
  publisher = {Random House},
  year      = {2004},
  author    = {Surowiecki, J},
  address   = {New York},
  owner     = {mdlee},
  timestamp = {2010.01.21},
}

@Article{macmillan2001signal,
  author  = {Macmillan, N A},
  title   = {Signal detection theory},
  journal = {International Encyclopedia of the Social \& Behavioral Sciences},
  year    = {2001},
  pages   = {14075--14078},
}

@Article{abdi2007signal,
  author    = {Abdi, Herv{\'e}},
  title     = {Signal detection theory ({SDT})},
  journal   = {Encyclopedia of Measurement and Statistics},
  year      = {2007},
  pages     = {886--889},
  publisher = {Sage Thousand Oaks, CA},
}

@Article{stanislaw1999calculation,
  author    = {Stanislaw, Harold and Todorov, Natasha},
  title     = {Calculation of signal detection theory measures},
  journal   = {Behavior Research Methods, Instruments, \& Computers},
  year      = {1999},
  volume    = {31},
  pages     = {137--149},
  publisher = {Springer},
}

@Book{GreenSwets1966,
  title     = {Signal Detection Theory and Psychophysics},
  publisher = {Wiley},
  year      = {1966},
  author    = {Green, D M and Swets, J A},
  address   = {New York},
}

@article{moore2002measuring,
  title={Measuring new types of question-order effects: Additive and subtractive},
  author={Moore, David W},
  journal={The Public Opinion Quarterly},
  volume={66},
  number={1},
  pages={80--91},
  year={2002},
  publisher={JSTOR}
}

@incollection{birnbaum1968some,
  title={Some latent trait models and their use in inferring an examinee's ability},
  author={Birnbaum, A},
  booktitle={Statistical theories of mental test scores},
  editor={Lord, F.M. and Novick, M.R.},
  year={1968},
  publisher={Addison-Wesley},
  pages={397--479},
  address={Reading}
}

@inproceedings{rasch1961general,
  title={On general laws and the meaning of measurement in psychology},
  author={Rasch, Georg},
  booktitle={Proceedings of the fourth {B}erkeley symposium on mathematical statistics and probability},
  volume={4},
  pages={321--333},
  year={1961}
}

@article{deboeck2004explanatory,
  title={Explanatory item response models},
  author={De Boeck, Paul and Wilson, M},
  year={2004},
  publisher={Wiley Online Library}
}

@Book{sutton1998reinforcement,
  title     = {Reinforcement Learning: {A}n introduction},
  publisher = {The {MIT} Press},
  year      = {1998},
  author    = {Sutton, R. S. and Barto, A. G.},
  address   = {Cambridge (MA)},
}

@Article{cohen2007should,
  author  = {Cohen, J D and Mc{C}lure, S M and Yu, A J},
  title   = {Should {I} stay or should {I} go? {E}xploration versus exploitation},
  journal = {Philosophical Transactions of the Royal Society B: Biological Sciences},
  year    = {2007},
  volume  = {362},
  pages   = {933--942},
}

@Article{steyvers2009beyesian,
  author  = {Steyvers, M and Lee, M D and Wagenmakers, E.-J.},
  title   = {A {B}ayesian analysis of human decision-making on bandit problems},
  journal = {Journal of Mathematical Psychology},
  year    = {2009},
  volume  = {53},
  pages   = {168--179},
}

@Article{banks1997experimental,
  author  = {Banks, J and Olson, M and Porter, D},
  title   = {An experimental analysis of the bandit problem},
  journal = {Economic Theory},
  year    = {1997},
  volume  = {10},
  pages   = {55--77},
}

@Article{meyer1995sequential,
  author  = {Meyer, R J and Shi, Y},
  title   = {Sequential choice under ambuigity: Intuitive solutions to the armed-bandit problem},
  journal = {Management Science},
  year    = {1995},
  volume  = {41},
  number  = {5},
  pages   = {817--834},
}

@Article{gittins1975bandit,
  author   = {Gittins, J C},
  title    = {Bandit processes and dynamic allocation indices},
  journal  = {Journal of the Royal Statistical Society, Series B},
  year     = {1979},
  volume   = {41},
  pages    = {148--177},
  abstract = {Gittins, J.C., 1979. Bandit processes and dynamic allocation indices. Journalof the Royal Statistical Society, Series B 41, 148–177. Gittins, J.C.,1989. Multi-Armed Bandit Allocation Indices. Wiley, New York.},
}

@Article{kaeblingl1996reinforcement,
  author  = {Kaebling, L P and Littman, M L and Moore, A W},
  title   = {Reinforcement learning: A survey},
  journal = {Journal of Artificial Intelligence Research},
  year    = {1996},
  volume  = {4},
  pages   = {237--285},
}

@Article{lee2011psychological,
  author    = {Lee, M D and Zhang, S and Munro, M N and Steyvers, M},
  title     = {Psychological models of human and optimal performance on bandit problems},
  journal   = {Cognitive Systems Research},
  year      = {2011},
  volume    = {12},
  pages     = {164--174},
  owner     = {mdlee},
  timestamp = {2010.06.25},
}

@Book{camerer2011behavioral,
  title     = {Behavioral game theory: Experiments in strategic interaction},
  publisher = {Princeton university press},
  year      = {2011},
  author    = {Camerer, Colin F},
}

@article{Pratte2010,
  doi = {10.3758/app.72.7.2013},
  url = {https://doi.org/10.3758/app.72.7.2013},
  year = {2010},
  month = oct,
  publisher = {Springer Science and Business Media {LLC}},
  volume = {72},
  number = {7},
  pages = {2013--2025},
  author = {M. S. Pratte and J. N. Rouder and R. D. Morey and C. Feng},
  title = {Exploring the differences in distributional properties between Stroop and Simon effects using delta plots},
  journal = {Attention,  Perception {\&} Psychophysics}
}

@article{Simen2009,
  doi = {10.1037/a0016926},
  url = {https://doi.org/10.1037/a0016926},
  year = {2009},
  publisher = {American Psychological Association ({APA})},
  volume = {35},
  number = {6},
  pages = {1865--1897},
  author = {Patrick Simen and David Contreras and Cara Buck and Peter Hu and Philip Holmes and Jonathan D. Cohen},
  title = {Reward rate optimization in two-alternative decision making: Empirical tests of theoretical predictions.},
  journal = {Journal of Experimental Psychology: Human Perception and Performance}
}

@article{Vandekerckhove2007,
  doi = {10.3758/bf03193960},
  url = {https://doi.org/10.3758/bf03193960},
  year = {2007},
  month = oct,
  publisher = {Springer Science and Business Media {LLC}},
  volume = {69},
  number = {7},
  pages = {1253--1260},
  author = {Joachim Vandekerckhove and Sven Panis and Johan Wagemans},
  title = {The concavity effect is a compound of local and global effects},
  journal = {Perception {\&} Psychophysics}
}

@article{zhang2014time,
  title     = {Time-varying boundaries for diffusion models of decision making and response time},
  author    = {Zhang, S. and Lee, M. D. and Vandekerckhove, J. and Maris, G. and Wagenmakers, E.-J.},
  journal   = {Frontiers in Psychology},
  year      = {2014},
  volume    = {5},
  pages     = {1364},
  url       = {https://doi.org/10.3389/fpsyg.2014.01364},
  doi       = {10.3389/fpsyg.2014.01364},
}

@article{enkavi2019large,
author = {A. Zeynep Enkavi  and Ian W. Eisenberg  and Patrick G. Bissett  and Gina L. Mazza  and David P. MacKinnon  and Lisa A. Marsch  and Russell A. Poldrack },
title = {Large-scale analysis of test\&\#x2013;retest reliabilities of self-regulation measures},
journal = {Proceedings of the National Academy of Sciences},
volume = {116},
number = {12},
pages = {5472-5477},
year = {2019},
doi = {10.1073/pnas.1818430116},
URL = {https://www.pnas.org/doi/abs/10.1073/pnas.1818430116},
eprint = {https://www.pnas.org/doi/pdf/10.1073/pnas.1818430116},



@Comment{jabref-meta: databaseType:bibtex;}
